<record><leader>00000cas a2200000 a 4500</leader><controlfield tag="001">22377807</controlfield><controlfield tag="008">900914d18uu1uuuiludn ne      0   a0eng c</controlfield><datafield ind1=" " ind2=" " tag="010"><subfield code="a">sn 90054623 </subfield></datafield><datafield ind1=" " ind2=" " tag="040"><subfield code="a">NVF</subfield><subfield code="b">eng</subfield><subfield code="c">NVF</subfield><subfield code="d">OCL</subfield><subfield code="d">NVF</subfield><subfield code="d">OCLCQ</subfield><subfield code="d">OCLCF</subfield><subfield code="d">NVF</subfield><subfield code="d">OCLCO</subfield></datafield><datafield ind1="1" ind2=" " tag="029"><subfield code="a">AU@</subfield><subfield code="b">000020225134</subfield></datafield><datafield ind1=" " ind2=" " tag="042"><subfield code="a">pcc</subfield></datafield><datafield ind1=" " ind2=" " tag="043"><subfield code="a">n-us-il</subfield></datafield><datafield ind1="0" ind2="0" tag="245"><subfield code="a">El Paso conference daily journal.</subfield></datafield><datafield ind1="1" ind2="3" tag="246"><subfield code="a">El Paso journal conference daily</subfield></datafield><datafield ind1="1" ind2="3" tag="246"><subfield code="a">El Paso journal</subfield></datafield><datafield ind1=" " ind2=" " tag="260"><subfield code="a">El Paso, Ill. :</subfield><subfield code="b">Journal Co.</subfield></datafield><datafield ind1=" " ind2=" " tag="300"><subfield code="a">v.</subfield></datafield><datafield ind1=" " ind2=" " tag="310"><subfield code="a">Daily (during the Methodist Episcopal Conference)</subfield></datafield><datafield ind1=" " ind2=" " tag="500"><subfield code="a">"Conference daily" appears in masthead ornament.</subfield></datafield><datafield ind1=" " ind2=" " tag="580"><subfield code="a">Weekly ed.: El Paso journal (El Paso, Ill. : 1873).</subfield></datafield><datafield ind1=" " ind2=" " tag="588"><subfield code="a">Description based on: Vol. 32, no. 24 (Sept. 23, 1896).</subfield></datafield><datafield ind1=" " ind2=" " tag="588"><subfield code="a">Latest issue consulted: Vol. 32, no. 25 (Sept. 28, 1896).</subfield></datafield><datafield ind1="1" ind2="0" tag="611"><subfield code="a">Methodist Episcopal Church,</subfield><subfield code="d">(1896)</subfield><subfield code="z">Illinois</subfield><subfield code="z">El Paso</subfield><subfield code="v">Newspapers.</subfield></datafield><datafield ind1=" " ind2="0" tag="650"><subfield code="a">Methodist conferences</subfield><subfield code="z">Illinois</subfield><subfield code="z">El Paso</subfield><subfield code="d">(1896)</subfield><subfield code="v">Newspapers.</subfield></datafield><datafield ind1=" " ind2="0" tag="651"><subfield code="a">El Paso (Ill.)</subfield><subfield code="x">Religion</subfield><subfield code="v">Newspapers.</subfield></datafield><datafield ind1=" " ind2="7" tag="651"><subfield code="a">Illinois</subfield><subfield code="z">El Paso.</subfield><subfield code="2">fast</subfield><subfield code="0">(OCoLC)fst01217736</subfield></datafield><datafield ind1=" " ind2="7" tag="655"><subfield code="a">Newspapers.</subfield><subfield code="2">fast</subfield><subfield code="0">(OCoLC)fst01423814</subfield></datafield><datafield ind1="2" ind2=" " tag="710"><subfield code="a">Methodist Episcopal Church.</subfield><subfield code="b">El Paso Conference.</subfield><subfield code="k">Newspapers.</subfield><subfield code="f">1896.</subfield></datafield><datafield ind1=" " ind2=" " tag="752"><subfield code="a">United States</subfield><subfield code="b">Illinois</subfield><subfield code="c">Woodford</subfield><subfield code="d">El Paso.</subfield></datafield><datafield ind1="1" ind2=" " tag="775"><subfield code="t">El Paso journal (El Paso, Ill. : 1873)</subfield><subfield code="w">(DLC)sn 84038432</subfield><subfield code="w">(OCoLC)11310152</subfield></datafield></record>